@article{vandenbosch11,
    author  = "A. {Van den Bosch}",
    title   = "Effects of context and recency in scaled word completion",
    year    = "2011",
    journal = "Computational Linguistics in the Netherlands Journal",
    volume  = "1",
    pages   = "79--94"
}

@inproceedings{verberne+12,
    author  = "S. Verberne and A. {Van den Bosch} and H. Strik and L. Boves",
    title   = "The effect of domain and text type on text prediction quality",
    year    = "2012",
    booktitle = "Proceedings of the 13th Conference of the European Chapter of the Association for Computational Linguistics, Avignon, France",
    pages   = "561--569",
	address 	= "New Brunswick, NJ",
	publisher = "ACL"
}

@article{katz87,
	Author = {S. M. Katz},
	Journal = {IEEE Transactions on Acoustics, Speech and Signal Processing},
	Month = {March},
	Pages = {400--401},
	Title = {Estimation of Probabilities from Sparse Data for the Language Model Component of a Speech Recognizer},
	Volume = {ASSP-35},
	Year = 1987}

@article{daelemans+97,
    author  = "W. Daelemans and A. {van den Bosch} and A. Weijters",
    title   = "IGTree: using trees for compression and classiffication in lazy learning algorithms",
    year    = "1997",
    journal = "Artificial Intelligence Review",
    volume  = "11",
    pages   = "407--423"
}

@article{mollin09,
    author  = "S. Mollin",
    title   = "“I entirely understand” is a Blairism: The methodology of identifying idiolectal collocations",
    year    = "2009",
    journal = "Journal of Corpus Linguistics",
    volume  = "14 (3)",
    pages   = "367--392"
}

@inproceedings{barlow10,
    author  = "M. Barlow",
    title   = "Individual usage: a corpus-based study of idiolects",
    year    = "2010",
    booktitle = "Paper presented at LAUD Conference, Landau",
	note = "http://auckland.academia.edu/MichaelBarlow"
}

@InCollection{meshtrie00,
  author = 	 {R. Meshtrie},
  title = 	 {Social dialectology},
  booktitle = 	 {Introducing sociolinguistics},
  pages =	 {76--112},
  publisher =	 {Edinburgh University Press},
  year =	 {2000},
  editor =	 {R. Meshtrie and J. Swann and A. Deumert and W. Leap},
  address =	 {Edinburgh, UK},
}

@incollection{oostdijk+13,
  title={The construction of a 500-million-word reference corpus of contemporary written {D}utch},
  author={N. Oostdijk and M. Reynaert and V. Hoste and I. Schuurman},
  booktitle={Essential Speech and Language Technology for Dutch},
  pages={219--247},
  year={2013},
  publisher={Springer}
}

@article{Tanaka-Ishii07,
        Address = {New York, NY, USA},
        Author = {K. Tanaka-Ishii},
        Date-Modified = {2012-01-15 20:22:19 +0000},
        Journal = {{N}atural {L}anguage {E}ngineering},
        Number = 1,
        Pages = {51--74},
        Publisher = {Cambridge University Press},
        Title = {{W}ord-based {P}redictive {T}ext {E}ntry using {A}daptive {L}anguage {M}odels},
        Volume = 13,
        Year = 2007}

@inproceedings{How+05,
        Address = {Las Vegas, NV},
        Author = {Yijue How and Min-Yen Kan},
        Booktitle = {{HCII} '05: {P}roceedings of the {T}he 11th {I}nternational {C}onference on {H}uman-{C}omputer {I}nteraction},
        Editor = {M. J. Smith and G. Salvendy},
        Month = {July},
        Publisher = {Lawrence Erlbaum Associates},
        Title = {{O}ptimizing {P}redictive {T}ext {E}ntry for {S}hort {M}essage {S}ervice on {M}obile {P}hones},
        Year = 2005}

@inproceedings{Fazly+03,
        Author = {A. Fazly and G. Hirst},
        Booktitle = {Proceedings of the 2003 EACL Workshop on Language Modeling for Text Entry Methods},
        Date-Added = {2011-03-26 23:59:27 +0100},
        Date-Modified = {2011-03-27 00:01:49 +0100},
        Keywords = {word completion, text completion},
        Pages = {9--16},
        Title = {Testing the efficacy of part-of-speech information in word completion},
        Year = {2003}}

@incollection{Matiasek+02,
        Address = {Berlin, Germany},
        Author = {J. Matiasek and M. Baroni and H. Trost},
        Booktitle = {Computers Helping People With Special Needs},
        Date-Added = {2011-03-26 23:49:58 +0100},
        Date-Modified = {2011-03-26 23:52:36 +0100},
        Keywords = {word prediction, word completion, augmentative technology, text completion},
        Pages = {165--176},
        Publisher = {Springer Verlag},
        Title = {{FASTY}: A multi-lingual approach to text prediction},
        Year = {2002}}

@inproceedings{Nantais+01,
        Author = {T. Nantais and F. Shein and M. Johansson},
        Booktitle = {Proceedings of the 24th Annual Conference on Technology and Disability},
        Date-Added = {2011-03-26 23:44:12 +0100},
        Date-Modified = {2011-03-26 23:46:22 +0100},
        Keywords = {word completion, text completion, augmentative technology},
        Publisher = {RESNA},
        Title = {Efficacy of the word prediction algorithm in WordQ},
        Year = {2001}}

@inproceedings{Lesher+99,
        Author = {G. W. Lesher and B. J. Moulton and D. J. Higginbotham},
        Booktitle = {Proceedings of the Annual Conference of the RESNA},
        Date-Added = {2011-06-23 16:48:43 +0200},
        Date-Modified = {2011-06-23 17:18:27 +0200},
        Keywords = {word completion, word prediction},
        Title = {Effects of ngram order and training text size on word prediction},
        Year = {1999}}

@article{aha+91,
		Author = {D. W. Aha and D. Kibler and M. K. Albert},
		Title = {Instance-based Learning Algorithms},
        Journal = {{M}achine {L}earning},
        Number = 6,
        Pages = {37--66},
        Year = {1991}}

@article{Garay-Vitoria+06,
		 author = {N. Garay-Vitoria and J. Abascal},
		 title = {Text prediction systems: a survey},
     	 journal = {Univers. Access Inf. Soc.},
 		 issue_date = {February 2006},
 		 volume = {4},
		 number = {3},
 		 year = {2006},
         pages = {188--203},
}

@inproceedings{Swiffin+85,
		author = {A. L. Swiffin and J. A. Pickering and J. L. Arnott and A. F. Newell},
		year = {1985},
		title = {{PAL}: An effort efficient portable communication aid and keyboard emulator},
		booktitle = {Proceedings of the 8th annual coonference on Rehabilitation Technology, RESNA},
		pages = {197--199}
} 

@inproceedings{vandenbosch+08,
		author = {A. {V}an den Bosch and T. Bogers},
		year = {2008},
		title = {Efficient Context-Sensitive Word Completion for Mobile Devices},
		booktitle = {MobileHCI 2008: Proceedings of the 10th International Conference on Human-Computer Interaction with Mobile Devices and Services, IOP-MMI special track},
		pages = {465--470}
} 

@article{hunnicutt87,
  title = {Input and output alternatives in word prediction},
  author = {Hunnicutt, S.},
  year = {1987},
  journal = {STL-QPSR},
  volume = {28},
  number = {2-3},
  pages = {015--029},
}

@incollection{labov89,
	year = {1989},
	title = {The exact description of the speech community: Short 'a' in Philadelphia"},
	author = {W. Labov},
	editor = {R. Fasold and D. Schiffrin},
	booktitle = {Language Change and Variation},
	pages = {1--57},
	address = {Washington D.C.},
	publisher = {Georgetown University Press},
}

@incollection{haugen72,
	year = {1972},
	title = {From idiolect to language},
	author = {E. Haugen},
	editor = {E. Scherabon Firchow and K. Grimstad and N. Hasselmo and W. A. O’Neil},
	booktitle = {Studies by Einar Haugen. Presented on the Occasion of his
65th Birthday},
	pages = {415--421},
	address = {The Hague/Paris},
	publisher = {Mouton},
}

@book{zipf65,
	year = {1965},
	author = {G. K. Zipf},
	title = {Human behavior and the principle of least effort. An introduction to human ecology},
	publisher = {Hafner publishing company},
	address = {New York and London},
}

@phdthesis{lestrade10,
	year = {2010},
	author = {S. A. M. Lestrade},
	title = {The space of case},
	school = {Radboud University Nijmegen}
}

@article{louwerse04,
	year = {2004}, 
	author = {M. M. Louwerse},
	title = {Semantic Variation in Idiolect and Sociolect: Corpus Linguistic Evidence from Literary Texts},
	pages = {207--221},
	volume = {38},
	number = {2},
	journal = {Computers and the Humanities},
}

@article{carden70,
     title = {A Note on Conflicting Idiolects},
     author = {G. Carden},
     journal = {Linguistic Inquiry},
     volume = {1},
     number = {3},
	 year = {1970},
     pages = {2810--290},
}

@article{Coulthard04,
author = {M Coulthard}, 
title = {Author Identification, Idiolect, and Linguistic Uniqueness},
volume = {25}, 
number = {4}, 
pages = {431-447}, 
year = {2004}, 
journal = {Applied Linguistics} 
}

@inproceedings{asur+10,
 author = {S. Asur and B. A. Huberman},
 title = {Predicting the Future with Social Media},
 booktitle = {Proceedings of the 2010 IEEE/WIC/ACM International Conference on Web Intelligence and Intelligent Agent Technology - Volume 01},
 series = {WI-IAT '10},
 year = {2010},
 isbn = {978-0-7695-4191-4},
 pages = {492--499},
 publisher = {IEEE Computer Society},
 address = {Washington, DC, USA},
} 

@article{rui+12,
author = {H. Rui and A. Whinston},
year = {2012},
title = {Information or attention? An empirical study of user
contribution on Twitter},
journal = {Information Systems and e-Business Management},
volume = {10},
number = {3},
pages = {309--324},
}

@misc{heil+09,
author = {Bill Heil and Mikolaj Piskorski},
title = {New Twitter Research: Men Follow Men and Nobody Tweets},
journal = {Harvard Business Review Blog Network},
type = {Blog},
number = {June 1},
year = {2009},
howpublished = {\url{http://blogs.hbr.org/cs/2009/06/new_twitter_research_men_follo.html}}