@article{vandenbosch11,
    author  = "Antal van den Bosch",
    title   = "Effects of context and recency in scaled word completion",
    year    = "2011",
    journal = "Computational Linguistics in the Netherlands Journal",
    volume  = "1",
    pages   = "79--94"
}

@inproceedings{verberne12,
    author  = "Suzan Verberne and Antal van den Bosch and Helmer Strik and Lou Boves",
    title   = "The effect of domain and text type on text prediction quality",
    year    = "2012",
    booktitle = "Proceedings of the 13th Conference of the European Chapter of the Association for Computational Linguistics, Avignon, France",
    pages   = "561--569",
	address 	= "New Brunswick, NJ",
	publisher = "ACL"
}

@article{katz87,
	Author = {Slava M. Katz},
	Journal = {IEEE Transactions on Acoustics, Speech and Signal Processing},
	Month = {March},
	Pages = {400--401},
	Title = {Estimation of Probabilities from Sparse Data for the Language Model Component of a Speech Recognizer},
	Volume = {ASSP-35},
	Year = 1987}

@article{daelemans97,
    author  = "Walter Daelemans and Antal van den Bosch and A. Weijters",
    title   = "IGTree: using trees for compression and classiffication in lazy learning algorithms",
    year    = "1997",
    journal = "Artificial Intelligence Review",
    volume  = "11",
    pages   = "407--423"
}

@article{mollin09,
    author  = "S. Mollin",
    title   = "“I entirely understand” is a Blairism: The methodology of identifying idiolectal collocations",
    year    = "2009",
    journal = "Journal of Corpus Linguistics",
    volume  = "14 (3)",
    pages   = "367--392"
}

@inproceedings{barlow10,
    author  = "M. Barlow",
    title   = "Individual usage: a corpus-based study of idiolects",
    year    = "2010",
    booktitle = "Paper presented at LAUD Conference, Landau",
	note = "http://auckland.academia.edu/MichaelBarlow"
}
